<?xml version="1.0" encoding="UTF-8"?><collection xmlns="http://www.loc.gov/MARC21/slim"><record><leader>00427nam--2200157-i-4500</leader><controlfield tag="001">000042405</controlfield><controlfield tag="002">20161230</controlfield><controlfield tag="005">20161230201043</controlfield><controlfield tag="008">060222s1000------------r-----000-0-eng-d</controlfield><datafield ind1=" " ind2=" " tag="080"><subfield code="a">512.9</subfield></datafield><datafield ind1=" " ind2=" " tag="100"><subfield code="a">Spain,Barry</subfield></datafield><datafield ind1=" " ind2=" " tag="245"><subfield code="a">Vector analysis</subfield></datafield><datafield ind1=" " ind2=" " tag="260"><subfield code="a">London, D.Van Nostrand Co.Ltd.,1967. Ix + 114 P</subfield></datafield><datafield ind1=" " ind2=" " tag="490"><subfield code="a">The New University Maththematics Series</subfield></datafield><datafield ind1=" " ind2=" " tag="852"><subfield code="a">28682</subfield><subfield code="c">512.94:512.972</subfield></datafield><datafield ind1=" " ind2=" " tag="CAT"><subfield code="a">Sys</subfield><subfield code="c">20080526</subfield><subfield code="h">130525</subfield></datafield></record></collection>